@Book{mbuch,
	author    = {M. Mustermann and M. Musterfrau},
	title     = {Lehrbuch des haarsträubenden Unsinns},
	address   = {Musterstadt},
	year      = {2018},
	publisher = {Musterverlag},
	edition   = {1. Ausgabe},
}

@Book{skript,
	author    = {Ingo Hartenbach},
	title     = {Praktikumsskript},
	address   = {Stuttgart},
	year      = {2025},
}

@Online{ulfkonrad,
	author    = {Ulf Konrad},
	title     = {Das Wasserstoffatom},
	year      = {2025},
	url       = {https://www.ulfkonrad.de/physik/wasserstoffatom},
	urldate   = {2025-04-22}
}

%@Online{link,
%author = {Rick Astley},
%title = {Never Gonna Give You Up},
%url = {www.youtube.com/watch?v=oHg5SJYRHA0},
%urldate = {2018-10-15},
%}

@Book{introQM,
	author    = {David J. Griffiths},
	title     = {Introduction to Quantum Mechanics},
	address   = {New Jersey},
	year      = {1995},
	publisher = {Prentice Hall Inc.},
	edition   = {1. Ausgabe}
}



@Article{•,
	author = {•},
	title = {•},
	journal = {•},
	year = {•},
	volume = {•},
	pages = {•},
}

@Thesis{•,
	author = {•},
	title = {•},
	type = {•},
	institution = {•},
	year = {•},
}

